@techreport{ISO:15939,
    author = {{ISO/IEC 15939}},
    institution = {International Organization for Standardization and International Electrotechnical Commission},
    number = {15939},
    title = {{ISO/IEC} 15939: {S}oftware {E}ngineering - {S}oftware {M}easurement {P}rocess},
    type = {International Standard},
    year = {2002}
}
	
@book{Fenton98,
  title = {{Software Metrics: A Rigorous and Practical Approach}},
  publisher = {Course Technology},
  year = {1998},
  author = {Norman E. Fenton and Shari Lawrence Pfleeger},
  pages = {656},
  edition = {2 edition},
  month = {February}
}
@book{Gil2008,
  title = {{Métodos e técnicas de pesquisa social}},
  publisher = {Atlas},
  year = {2008},
  author = {Antonio Carlos Gil},
  edition = {6 edition},
}


@techreport{ISO25023,
    author = {{ISO/IEC 25023}},
      institution = {International Organization for Standardization and International Electrotechnical Commission},
      number = {25023},
     title = {{ISO/IEC} 25023: Systems and software engineering - Systems and software Quality Requirements and Evaluation (SQuaRE) - Measurement  of system and software product quality},
   type = {International Standard},
    year = {2011}
}




@BOOK{beck1999,
	title = {Extreme Programming Explained},
	author = {Kent Beck},
	year = {1999},
    publisher = {Addison Wesley},
}


@BOOK{Basili96b,
  title = {{The Goal Question Metric Approach}},
  publisher = {Encyclopedia of Software Engineering},
  year = {1996},
  author = {Vitor R. Basili and Gianluigi Caldiera and H. Dieter Rombach}
}

@ARTICLE{Basili96,
  author = {V. R. Basili and L. C. Briand and W. L. Melo},
  title = {{A Validation of Object-Oriented Design Metrics as Quality Indicators}},
  journal = {IEEE Transactions on Software Engineering},
  year = {1996},
  volume = {10},
  pages = {751--761},
  number = {22},
  doi = {http://dx.doi.org/10.1109/32.544352}
}

@ARTICLE{Chidamber94,
  author = {S. R. Chidamber and C. F. Kemerer},
  title = {{A Metrics Suite for Object-Oriented Design}},
  journal = {IEEE Transactions on Software Engineering},
  year = {1994},
  volume = {20},
  pages = {476-493},
  number = {6}
}

@INPROCEEDINGS{LCOM4,
  author = {M. Hitz and B. Montazeri},
  title = {{Measuring Coupling and Cohesion in Object-Oriented Systems}},
  booktitle = {{Proceedings of International Symposium on Applied Corporate Computing}},
  year = {1995},
  journal = {Int. Symposium on Applied Corporate Computing}
}

@INPROCEEDINGS{Barkmann2009,
  author = {Henrike Barkmann and R{\"u}diger Lincke and Welf L{\"o}we},
  title = {{Quantitative Evaluation of Software Quality Metrics in Open-Source	Projects}},
  booktitle = {{AINA Workshops}},
  year = {2009},
  pages = {1067-1072},
  ee = {http://doi.ieeecomputersociety.org/10.1109/WAINA.2009.190}
}

@ARTICLE{McCabe76,
  author = {T. J. McCabe},
  title = {{A Complexity Measure}},
  journal = {IEEE Transactions Software Engineering},
  year = {1976},
  volume = {2},
  pages = {308-320},
  number = {4},
  month = {December}
}

@ARTICLE{McCabe94,
  author = {T. J. McCabe and L. A. Dreyer and A. H. Watson},
  title = {{Testing An Object-Oriented Application}},
  journal = {Journal of the Quality Assurance Institute},
  year = {1994},
  volume = {8},
  pages = {21-27},
  number = {4},
  month = {October}
}

@inproceedings{Gava2006,
author = {Vagner Luiz Gava and Samuel Batista and Rodrigo Franco Gonçalves and Mauro de Mesquita Spinola},
booktitle= {XXVI Encontro Nacional de Engenharia de Produção},
title = {Modelo do processo de medição de software: pré-condições para sua aplicação},
year = {2006}
 
}

@article{Lehman1980b,
  author = {Lehman, Meir M.},
  journal = {Proc. IEEE},
  month = {September},
  number = 9,
  pages = {1060--1076},
  title = {Programs, life cycles, and laws of software evolution},
  volume = 68,
  year = 1980
}

@ARTICLE{beckarticle1999, 
	author={Beck, K.}, 
	journal={Computer}, 
	title={Embracing change with extreme programming}, 
	year={1999}, 
	volume={32}, 
	number={10}, 
	pages={70-77}, 
	keywords={software engineering;cost;extreme programming;planning;software engineering;Anatomy;Costs;Programming profession;Relational databases;Software engineering;Software measurement;Software testing;Time measurement;Timing;Velocity measurement}, 
	doi={10.1109/2.796139}, 
	ISSN={0018-9162},
}


@ARTICLE{Wichmann95,
    author = {Ba Wichmann and Aa. Canning and D. L. Clutterbuck and L A Winsborrow and N. J. Ward and D. W. R. Marsh},
    title = {Industrial Perspective on Static Analysis},
    journal = {Software Engineering Journal},
    year = {1995}
}

@ARTICLE{Barcellos2010,
    author = {Monalessa Perini Barcellos},
    title = {Medição de Software - Um importante pilar da melhoria de processos de software},
    journal = {Engenharia de Software Magazine},
    year = {2010}
}

@BOOK{Jones91,
  title = {{Applied Software Measurement: Assuring Productivity and Quality}},
  publisher = {McGraw-Hill},
  year = {1991},
  author = {T. C. Jones},
  address = {New York}
}


@book{Nielson:1999,
 author = {Flemming Nielson and Hanne Riis Nielson and Chris Hankin},
 title = {Principles of Program Analysis},
 year = {1999},
 isbn = {3540654100},
 publisher = {Springer-Verlag New York, Inc.},
 address = {Secaucus, NJ, USA},
} 

@article{Emanuelsson2008,
 author = {Emanuelsson, P\"{a}r and Nilsson, Ulf},
 title = {A Comparative Study of Industrial Static Analysis Tools},
 journal = {Electron. Notes Theor. Comput. Sci.},
 issue_date = {July, 2008},
 volume = {217},
 month = jul,
 year = {2008},
 issn = {1571-0661},
 pages = {5--21},
 numpages = {17},
 acmid = {1390956},
 publisher = {Elsevier Science Publishers B. V.},
 address = {Amsterdam, The Netherlands, The Netherlands},
 keywords = {Static analysis, dataflow analysis, defects, security vulnerabilities},
} 

@phdthesis{Meirelles2013,
Author = {Paulo Roberto Miranda Meirelles},
Title = {Monitoramento de métricas de código-fonte em projetos de software livre},
School = {Instituto de Matemática e Estátistica  -- Universidade de São Paulo (IME/USP)},
Year = {2013},
}

@CONFERENCE{Shih97,
  author = {T.K. Shih and Chi-Ming Chung and Chun-Chia Wang and W.C. Pai},
  title = {{Decomposition of Inheritance Hierarchy DAGs for Object-Oriented Software	Metrics}},
  booktitle = {{Workshop on Engineering of Computer-Based Systems (ECBS 97)}},
  year = {1997},
  pages = {238}
}

@ARTICLE{Rosenberg97,
  author = {L. H. Rosenberg and L. E. Hyatt},
  title = {{Software Quality Metrics for Object-Oriented Environments}},
  journal = {Crosstalk - the Journal of Defense Software Engineering},
  year = {1997},
  volume = {10}
}


@article{Mills:1999,
 author = {Mills, Everald E.},
 title = {Metrics in the Software Engineering Curriculum},
 journal = {Ann. Softw. Eng.},
 issue_date = {April 1999},
 volume = {6},
 number = {1-4},
 month = apr,
 year = {1999},
 issn = {1022-7091},
 pages = {181--200},
 numpages = {20},
 doi = {10.1023/A:1018909531948},
 acmid = {314634},
 publisher = {J. C. Baltzer AG, Science Publishers},
 address = {Red Bank, NJ, USA},
}

@book{Boehm81,
  title = {{Software Engineering Economics}},
  publisher = {Prentice-Hall},
  year = {1981},
  editor = {Englewood Cliffs},
  author = {B. W. Boehm},
  address = {N. J.}
}

@INPROCEEDINGS{Rutar04acomparison,
    author = {Nick Rutar and Christian B. Almazan},
    title = {A comparison of bug finding tools for Java},
    booktitle = {In ISSRE ’04: Proceedings of the 15th International Symposium on Software Reliability Engineering (ISSRE’04},
    year = {2004},
    pages = {245--256},
    publisher = {IEEE Computer Society}
}
@ARTICLE{Sharble93,
  author = {R. Sharble and S. Cohen},
  title = {{The Object-Oriented Brewery: A Comparison of Two Object-Oriented Development Methods}},
  journal = {Software Engineering Notes},
  year = {1993},
  volume = {18},
  pages = {60-73},
  number = {2}
}

@article{Terra2008,
 author = {Ricardo Terra and Roberto S. Bigonha},
 title = {Ferramentas para Análise Estática de Códigos Java},
 year = {2008},
 publisher = {Departamento de Ciência da Computação - UFMG},
}

@BOOK{Lorenz94,
  title = {{Object-Oriented Software Metrics}},
  publisher = {Prentice Hall},
  year = {1994},
  author = {M. Lorenz and J. Kidd}
}


@book{Sommerville10,
  address = {Harlow, England},
  author = {Sommerville, Ian},
  edition = 9,
  isbn = {978-0-13-703515-1},
  keywords = {v1205 book software engineering},
  publisher = {Addison-Wesley},
  timestamp = {2012-05-30T11:07:40.000+0200},
  title = {Software Engineering},
  username = {flint63},
  year = 2010
}